---
---

@article{lillicrap2019backpropagation,
  title={Backpropagation through time and the brain},
  author={Lillicrap, Timothy P and Santoro, Adam},
  journal={Current opinion in neurobiology},
  volume={55},
  pages={82--89},
  year={2019},
  publisher={Elsevier}
}

@article{werbos1974beyond,
  title={Beyond regression: New tools for prediction and analysis in the behavioral sciences},
  author={Werbos, Paul},
  journal={PhD thesis, Committee on Applied Mathematics, Harvard University, Cambridge, MA},
  year={1974}
}

@misc{rumelhart1985learning,
  title={Learning internal representations by error propagation},
  author={Rumelhart, David E and Hinton, Geoffrey E and Williams, Ronald J and others},
  year={1985},
  publisher={Institute for Cognitive Science, University of California, San Diego}
}

@article{werbos1990backpropagation,
  title={Backpropagation through time: what it does and how to do it},
  author={Werbos, Paul J},
  journal={Proceedings of the IEEE},
  volume={78},
  number={10},
  pages={1550--1560},
  year={1990},
  publisher={IEEE}
}

@article{werbos1988generalization,
  title={Generalization of backpropagation with application to a recurrent gas market model},
  author={Werbos, Paul J},
  journal={Neural networks},
  volume={1},
  number={4},
  pages={339--356},
  year={1988},
  publisher={Elsevier}
}

@article{elman1990finding,
  title={Finding structure in time},
  author={Elman, Jeffrey L},
  journal={Cognitive science},
  volume={14},
  number={2},
  pages={179--211},
  year={1990},
  publisher={Wiley Online Library}
}

@article{williams1989learning,
  title={A learning algorithm for continually running fully recurrent neural networks},
  author={Williams, Ronald J and Zipser, David},
  journal={Neural computation},
  volume={1},
  number={2},
  pages={270--280},
  year={1989},
  publisher={MIT Press One Rogers Street, Cambridge, MA 02142-1209, USA journals-info~â€¦}
}

@article{liao2016bridging,
  title={Bridging the gaps between residual learning, recurrent neural networks and visual cortex},
  author={Liao, Qianli and Poggio, Tomaso},
  journal={arXiv preprint arXiv:1604.03640},
  year={2016}
}

@article{murray2019local,
  title={Local online learning in recurrent networks with random feedback},
  author={Murray, James M},
  journal={Elife},
  volume={8},
  pages={e43299},
  year={2019},
  publisher={eLife Sciences Publications, Ltd}
}

@article{cooijmans2019variance,
  title={On the variance of unbiased online recurrent optimization},
  author={Cooijmans, Tim and Martens, James},
  journal={arXiv preprint arXiv:1902.02405},
  year={2019}
}

@article{marschall2020unified,
  title={A unified framework of online learning algorithms for training recurrent neural networks},
  author={Marschall, Owen and Cho, Kyunghyun and Savin, Cristina},
  journal={Journal of machine learning research},
  volume={21},
  number={135},
  pages={1--34},
  year={2020}
}

@article{menick2020practical,
  title={A practical sparse approximation for real time recurrent learning},
  author={Menick, Jacob and Elsen, Erich and Evci, Utku and Osindero, Simon and Simonyan, Karen and Graves, Alex},
  journal={arXiv preprint arXiv:2006.07232},
  year={2020}
}