---
---


@ARTICLE{Blohm2020-vc,
  title    = "A {How-to-Model} Guide for Neuroscience",
  author   = "Blohm, Gunnar and Kording, Konrad P and Schrater, Paul R",
  journal  = "eNeuro",
  volume   =  7,
  number   =  1,
  month    =  feb,
  year     =  2020,
  language = "en"
}


@BOOK{Marr1982-wk,
  title     = "Vision: A Computational Investigation into the Human
               Representation and Processing of Visual Information",
  author    = "Marr, David",
  publisher = "W. H. Freeman \& Company",
  year      =  1982,
  language  = "en"
}


@ARTICLE{Hassabis2017-zm,
  title    = "{Neuroscience-Inspired} Artificial Intelligence",
  author   = "Hassabis, Demis and Kumaran, Dharshan and Summerfield,
              Christopher and Botvinick, Matthew",
  journal  = "Neuron",
  volume   =  95,
  number   =  2,
  pages    = "245--258",
  month    =  jul,
  year     =  2017,
  keywords = "artificial intelligence; brain; cognition; learning; neural
              network",
  language = "en"
}
