---
---

%% 神経細胞の概要
@article{herculano2005isotropic,
  title={Isotropic fractionator: a simple, rapid method for the quantification of total cell and neuron numbers in the brain},
  author={Herculano-Houzel, Suzana and Lent, Roberto},
  journal={Journal of Neuroscience},
  volume={25},
  number={10},
  pages={2518--2521},
  year={2005},
  publisher={Society for Neuroscience}
}

@article{azevedo2009equal,
  title={Equal numbers of neuronal and nonneuronal cells make the human brain an isometrically scaled-up primate brain},
  author={Azevedo, Frederico AC and Carvalho, Ludmila RB and Grinberg, Lea T and Farfel, Jos{\'e} Marcelo and Ferretti, Renata EL and Leite, Renata EP and Filho, Wilson Jacob and Lent, Roberto and Herculano-Houzel, Suzana},
  journal={Journal of Comparative Neurology},
  volume={513},
  number={5},
  pages={532--541},
  year={2009},
  publisher={Wiley Online Library}
}

@article{von2016search,
  title={The search for true numbers of neurons and glial cells in the human brain: A review of 150 years of cell counting},
  author={Von Bartheld, Christopher S and Bahney, Jami and Herculano-Houzel, Suzana},
  journal={Journal of Comparative Neurology},
  volume={524},
  number={18},
  pages={3865--3895},
  year={2016},
  publisher={Wiley Online Library}
}

@article{goriely2024eighty,
  title={Eighty-six billion and counting: do we know the number of neurons in the human brain?},
  author={Goriely, Alain},
  journal={Brain},
  pages={awae390},
  year={2024},
  publisher={Oxford University Press}
}

@article{garcia2024neuronal,
  title={Neuronal composition of processing modules in human V1: laminar density for neuronal and non-neuronal populations and a comparison with macaque},
  author={Garcia-Marin, Virginia and Kelly, Jenna G and Hawken, Michael J},
  journal={Cerebral Cortex},
  volume={34},
  number={2},
  pages={bhad512},
  year={2024},
  publisher={Oxford University Press}
}

%% 神経細胞の発火率モデル
@article{mcculloch1943logical,
  title={A logical calculus of the ideas immanent in nervous activity},
  author={McCulloch, Warren S and Pitts, Walter},
  journal={The bulletin of mathematical biophysics},
  volume={5},
  pages={115--133},
  year={1943},
  publisher={Springer}
}

@article{rosenblatt1958perceptron,
  title={The perceptron: a probabilistic model for information storage and organization in the brain.},
  author={Rosenblatt, Frank},
  journal={Psychological review},
  volume={65},
  number={6},
  pages={386},
  year={1958},
  publisher={American Psychological Association}
}

@book{rosenblatt1962principles,
  title={Principles of Neurodynamics: Perceptrons and the Theory of Brain Mechanisms},
  author={Rosenblatt, F.},
  lccn={62012882},
  series={Cornell Aeronautical Laboratory. Report no. VG-1196-G-8},
  url={https://books.google.co.jp/books?id=7FhRAAAAMAAJ},
  year={1962},
  publisher={Spartan Books}
}

@article{wilson1972excitatory,
  title={Excitatory and inhibitory interactions in localized populations of model neurons},
  author={Wilson, Hugh R and Cowan, Jack D},
  journal={Biophysical journal},
  volume={12},
  number={1},
  pages={1--24},
  year={1972},
  publisher={Elsevier}
}

@article{wilson1973mathematical,
  title={A mathematical theory of the functional dynamics of cortical and thalamic nervous tissue},
  author={Wilson, Hugh R and Cowan, Jack D},
  journal={Kybernetik},
  volume={13},
  number={2},
  pages={55--80},
  year={1973},
  publisher={Springer}
}

@article{nunez1974brain,
  title={The brain wave equation: a model for the EEG},
  author={Nunez, Paul L},
  journal={Mathematical Biosciences},
  volume={21},
  number={3-4},
  pages={279--297},
  year={1974},
  publisher={Elsevier}
}

@article{wilson2021evolution,
  title={Evolution of the Wilson--Cowan equations},
  author={Wilson, Hugh R and Cowan, Jack D},
  journal={Biological cybernetics},
  volume={115},
  number={6},
  pages={643--653},
  year={2021},
  publisher={Springer}
}

@article{chow2020before,
  title={Before and beyond the Wilson--Cowan equations},
  author={Chow, Carson C and Karimipanah, Yahya},
  journal={Journal of neurophysiology},
  volume={123},
  number={5},
  pages={1645--1656},
  year={2020},
  publisher={American Physiological Society Bethesda, MD}
}

@article{ozeki2009inhibitory,
  title={Inhibitory stabilization of the cortical network underlies visual surround suppression},
  author={Ozeki, Hirofumi and Finn, Ian M and Schaffer, Evan S and Miller, Kenneth D and Ferster, David},
  journal={Neuron},
  volume={62},
  number={4},
  pages={578--592},
  year={2009},
  publisher={Elsevier}
}

@article{sadeh2021inhibitory,
  title={Inhibitory stabilization and cortical computation},
  author={Sadeh, Sadra and Clopath, Claudia},
  journal={Nature Reviews Neuroscience},
  volume={22},
  number={1},
  pages={21--37},
  year={2021},
  publisher={Nature Publishing Group UK London}
}

@article{tsodyks1997paradoxical,
  title={Paradoxical effects of external modulation of inhibitory interneurons},
  author={Tsodyks, Misha V and Skaggs, William E and Sejnowski, Terrence J and McNaughton, Bruce L},
  journal={Journal of neuroscience},
  volume={17},
  number={11},
  pages={4382--4388},
  year={1997},
  publisher={Society for Neuroscience}
}

@article{sanzeni2020inhibition,
  title={Inhibition stabilization is a widespread property of cortical networks},
  author={Sanzeni, Alessandro and Akitake, Bradley and Goldbach, Hannah C and Leedy, Caitlin E and Brunel, Nicolas and Histed, Mark H},
  journal={Elife},
  volume={9},
  pages={e54875},
  year={2020},
  publisher={eLife Sciences Publications, Ltd}
}

@article{naka1966s,
  title={A. S-potentials from color units in the retina of fish},
  author={Naka, KI},
  journal={J Physiol},
  volume={185},
  pages={584},
  year={1966}
}

@article{sclar1990coding,
  title={Coding of image contrast in central visual pathways of the macaque monkey},
  author={Sclar, Gary and Maunsell, John HR and Lennie, Peter},
  journal={Vision research},
  volume={30},
  number={1},
  pages={1--10},
  year={1990},
  publisher={Elsevier}
}

@article{wilson1999spikes,
  title={Spikes, decisions, and actions: the dynamical foundations of neuroscience},
  author={Wilson, Hugh Reid},
  journal={Oxford University Press},
  year={1999}
}

@article{amari1977dynamics,
  title={Dynamics of pattern formation in lateral-inhibition type neural fields},
  author={Amari, Shun-ichi},
  journal={Biological cybernetics},
  volume={27},
  number={2},
  pages={77--87},
  year={1977},
  publisher={Springer}
}

@article{amari1975homogeneous,
  title={Homogeneous nets of neuron-like elements},
  author={Amari, Shun-Ichi},
  journal={Biological cybernetics},
  volume={17},
  number={4},
  pages={211--220},
  year={1975},
  publisher={Springer}
}

@incollection{potthast2022amari,
  title={Amari model},
  author={Potthast, Roland},
  booktitle={Encyclopedia of Computational Neuroscience},
  pages={171--175},
  year={2022},
  publisher={Springer}
}

@article{jansen1995electroencephalogram,
  title={Electroencephalogram and visual evoked potential generation in a mathematical model of coupled cortical columns},
  author={Jansen, Ben H and Rit, Vincent G},
  journal={Biological cybernetics},
  volume={73},
  number={4},
  pages={357--366},
  year={1995},
  publisher={Springer}
}

@article{wendling2002epileptic,
  title={Epileptic fast activity can be explained by a model of impaired GABAergic dendritic inhibition},
  author={Wendling, Fabrice and Bartolomei, Fabrice and Bellanger, Jean J and Chauvel, Patrick},
  journal={European Journal of Neuroscience},
  volume={15},
  number={9},
  pages={1499--1508},
  year={2002},
  publisher={Wiley Online Library}
}

@article{coombes2014tutorial,
  title={Tutorial on neural field theory},
  author={Coombes, Stephen and beim Graben, Peter and Potthast, Roland},
  journal={Neural fields: theory and applications},
  pages={1--43},
  year={2014},
  publisher={Springer}
}

@article{soldado2022paradoxical,
  title={Paradoxical self-sustained dynamics emerge from orchestrated excitatory and inhibitory homeostatic plasticity rules},
  author={Soldado-Magraner, Saray and Seay, Michael J and Laje, Rodrigo and Buonomano, Dean V},
  journal={Proceedings of the National Academy of Sciences},
  volume={119},
  number={43},
  pages={e2200621119},
  year={2022},
  publisher={National Academy of Sciences}
}

@article{muller2018cortical,
  title={Cortical travelling waves: mechanisms and computational principles},
  author={Muller, Lyle and Chavane, Fr{\'e}d{\'e}ric and Reynolds, John and Sejnowski, Terrence J},
  journal={Nature Reviews Neuroscience},
  volume={19},
  number={5},
  pages={255--268},
  year={2018},
  publisher={Nature Publishing Group}
}

@article{cook2022neural,
  title={Neural Field Models: A mathematical overview and unifying framework},
  author={Cook, Blake J and Peterson, Andre DH and Woldman, Wessel and Terry, John R},
  journal={Mathematical Neuroscience and Applications},
  volume={2},
  year={2022},
  publisher={Episciences. org}
}

% Hebb則とシナプス可塑性
@BOOK{Hebb1949-iv,
  title     = "The organization of behavior: A neuropsychological theory",
  author    = "Hebb, Donald Olding",
  publisher = "Wiley \& Sons",
  year      =  1949
}

@ARTICLE{Shatz1992-he,
  title    = "The developing brain",
  author   = "Shatz, C J",
  journal  = "Sci. Am.",
  volume   =  267,
  number   =  3,
  pages    = "60--67",
  month    =  sep,
  year     =  1992,
  language = "en"
}


@ARTICLE{Isomura2022-ro,
  title     = "Canonical neural networks perform active inference",
  author    = "Isomura, Takuya and Shimazaki, Hideaki and Friston, Karl J",
  journal   = "Commun Biol",
  publisher = "Nature Publishing Group",
  volume    =  5,
  number    =  1,
  pages     = "55",
  month     =  jan,
  year      =  2022,
  language  = "en"
}


@ARTICLE{Dudek1992-nz,
  title    = "Homosynaptic long-term depression in area {CA1} of hippocampus
              and effects of {N-methyl-D-aspartate} receptor blockade",
  author   = "Dudek, S M and Bear, M F",
  journal  = "Proc. Natl. Acad. Sci. U. S. A.",
  volume   =  89,
  number   =  10,
  pages    = "4363--4367",
  month    =  may,
  year     =  1992,
  language = "en"
}

@ARTICLE{Bliss1973-vj,
  title    = "Long-lasting potentiation of synaptic transmission in the dentate
              area of the anaesthetized rabbit following stimulation of the
              perforant path",
  author   = "Bliss, T V and Lomo, T",
  journal  = "J. Physiol.",
  volume   =  232,
  number   =  2,
  pages    = "331--356",
  month    =  jul,
  year     =  1973,
  language = "en"
}


@ARTICLE{Oja1982-yd,
  title    = "A simplified neuron model as a principal component analyzer",
  author   = "Oja, E",
  journal  = "J. Math. Biol.",
  volume   =  15,
  number   =  3,
  pages    = "267--273",
  year     =  1982,
  language = "en"
}

@ARTICLE{Oja1997-hr,
  title     = "The nonlinear {PCA} learning rule in independent component
               analysis",
  author    = "Oja, Erkki",
  journal   = "Neurocomputing",
  publisher = "Elsevier",
  volume    =  17,
  number    =  1,
  pages     = "25--45",
  month     =  sep,
  year      =  1997,
  keywords  = "Principal component analysis; Independent component analysis;
               Unsupervised learning; Signal separation"
}


@ARTICLE{Bienenstock1982-km,
  title    = "Theory for the development of neuron selectivity: orientation
              specificity and binocular interaction in visual cortex",
  author   = "Bienenstock, E L and Cooper, L N and Munro, P W",
  journal  = "J. Neurosci.",
  volume   =  2,
  number   =  1,
  pages    = "32--48",
  month    =  jan,
  year     =  1982,
  language = "en"
}

@ARTICLE{Turrigiano2008-lm,
  title    = "The self-tuning neuron: synaptic scaling of excitatory synapses",
  author   = "Turrigiano, Gina G",
  journal  = "Cell",
  volume   =  135,
  number   =  3,
  pages    = "422--435",
  month    =  oct,
  year     =  2008,
  language = "en"
}


@ARTICLE{Zenke2017-el,
  title     = "The temporal paradox of Hebbian learning and homeostatic
               plasticity",
  author    = "Zenke, Friedemann and Gerstner, Wulfram and Ganguli, Surya",
  journal   = "Curr. Opin. Neurobiol.",
  publisher = "Elsevier",
  volume    =  43,
  pages     = "166--176",
  month     =  apr,
  year      =  2017,
  language  = "en"
}


@ARTICLE{Cooper2012-ec,
  title    = "The {BCM} theory of synapse modification at 30: interaction of
              theory with experiment",
  author   = "Cooper, Leon N and Bear, Mark F",
  journal  = "Nat. Rev. Neurosci.",
  volume   =  13,
  number   =  11,
  pages    = "798--810",
  month    =  nov,
  year     =  2012,
  language = "en"
}

@ARTICLE{Izhikevich2003-ef,
  title    = "Relating {STDP} to {BCM}",
  author   = "Izhikevich, Eugene M and Desai, Niraj S",
  journal  = "Neural Comput.",
  volume   =  15,
  number   =  7,
  pages    = "1511--1523",
  month    =  jul,
  year     =  2003,
  language = "en"
}


@ARTICLE{Cooper1979-wz,
  title    = "A theory for the acquisition and loss of neuron specificity in
              visual cortex",
  author   = "Cooper, Leon N and Liberman, Fishel and Oja, Erkki",
  journal  = "Biol. Cybern.",
  volume   =  33,
  number   =  1,
  pages    = "9--28",
  month    =  mar,
  year     =  1979
}


@ARTICLE{Yee2017-fb,
  title    = "A metaplasticity view of the interaction between homeostatic and
              Hebbian plasticity",
  author   = "Yee, Ada X and Hsu, Yu-Tien and Chen, Lu",
  journal  = "Philos. Trans. R. Soc. Lond. B Biol. Sci.",
  volume   =  372,
  number   =  1715,
  month    =  mar,
  year     =  2017,
  keywords = "Hebbian plasticity; homeostatic plasticity; metaplasticity;
              retinoic acid",
  language = "en"
}


@ARTICLE{Brito2016-mx,
  title    = "Nonlinear Hebbian Learning as a Unifying Principle in Receptive
              Field Formation",
  author   = "Brito, Carlos S N and Gerstner, Wulfram",
  journal  = "PLoS Comput. Biol.",
  volume   =  12,
  number   =  9,
  pages    = "e1005070",
  month    =  sep,
  year     =  2016,
  language = "en"
}

@ARTICLE{Miller1994-vc,
  title     = "The role of constraints in Hebbian learning",
  author    = "Miller, Kenneth D and MacKay, David J C",
  journal   = "Neural Comput.",
  publisher = "MIT Press - Journals",
  volume    =  6,
  number    =  1,
  pages     = "100--126",
  month     =  jan,
  year      =  1994,
  language  = "en"
}

@ARTICLE{Dordek2016-ff,
  title     = "Extracting grid cell characteristics from place cell inputs
               using non-negative principal component analysis",
  author    = "Dordek, Yedidyah and Soudry, Daniel and Meir, Ron and Derdikman,
               Dori",
  journal   = "Elife",
  publisher = "eLife Sciences Publications, Ltd",
  volume    =  5,
  pages     = "e10094",
  month     =  mar,
  year      =  2016,
  keywords  = "bat; grid cell; place cell; hippocampus; entorhinal; navigation;
               human; mouse; neuroscience; rat",
  language  = "en"
}


@ARTICLE{Isomura2020-sn,
  title    = "{Reverse-Engineering} Neural Networks to Characterize Their Cost
              Functions",
  author   = "Isomura, Takuya and Friston, Karl",
  journal  = "Neural Comput.",
  volume   =  32,
  number   =  11,
  pages    = "2085--2121",
  month    =  nov,
  year     =  2020,
  language = "en"
}


@ARTICLE{Zipser1988-nc,
  title     = "A back-propagation programmed network that simulates response
               properties of a subset of posterior parietal neurons",
  author    = "Zipser, D and Andersen, R A",
  journal   = "Nature",
  publisher = "Nature Publishing Group",
  volume    =  331,
  number    =  6158,
  pages     = "679--684",
  month     =  feb,
  year      =  1988,
  language  = "en"
}



@ARTICLE{Van_Pelt2002-vm,
  title    = "Branching rates and growth functions in the outgrowth of
              dendritic branching patterns",
  author   = "van Pelt, Jaap and Uylings, Harry B M",
  journal  = "Network",
  volume   =  13,
  number   =  3,
  pages    = "261--281",
  month    =  aug,
  year     =  2002,
  language = "en"
}

@ARTICLE{Koene2009-hv,
  title    = "{NETMORPH}: a framework for the stochastic generation of large
              scale neuronal networks with realistic neuron morphologies",
  author   = "Koene, Randal A and Tijms, Betty and van Hees, Peter and Postma,
              Frank and de Ridder, Alexander and Ramakers, Ger J A and van
              Pelt, Jaap and van Ooyen, Arjen",
  journal  = "Neuroinformatics",
  volume   =  7,
  number   =  3,
  pages    = "195--210",
  month    =  sep,
  year     =  2009,
  language = "en"
}

@ARTICLE{Cuntz2010-in,
  title    = "One rule to grow them all: a general theory of neuronal branching
              and its practical application",
  author   = "Cuntz, Hermann and Forstner, Friedrich and Borst, Alexander and
              H{\"a}usser, Michael",
  journal  = "PLoS Comput. Biol.",
  volume   =  6,
  number   =  8,
  month    =  aug,
  year     =  2010,
  language = "en"
}

@ARTICLE{Van_Ooyen2014-fb,
  title    = "Independently outgrowing neurons and geometry-based synapse
              formation produce networks with realistic synaptic connectivity",
  author   = "van Ooyen, Arjen and Carnell, Andrew and de Ridder, Sander and
              Tarigan, Bernadetta and Mansvelder, Huibert D and Bijma, Fetsje
              and de Gunst, Mathisca and van Pelt, Jaap",
  journal  = "PLoS One",
  volume   =  9,
  number   =  1,
  pages    = "e85858",
  month    =  jan,
  year     =  2014,
  language = "en"
}

@ARTICLE{Acimovic2011-gb,
  title    = "Modeling of Neuronal Growth In Vitro: Comparison of Simulation
              Tools {NETMORPH} and {CX3D}",
  author   = "A{\'c}imovi{\'c}, J and M{\"a}ki-Marttunen, T and Havela, R and
              Teppola, H and Linne, M-L",
  journal  = "EURASIP J. Bioinform. Syst. Biol.",
  volume   =  2011,
  pages    = "616382",
  month    =  mar,
  year     =  2011,
  language = "en"
}


@ARTICLE{Takeuchi1979-mi,
  title    = "Formation of topographic maps and columnar microstructures in
              nerve fields",
  author   = "Takeuchi, A and Amari, S",
  journal  = "Biol. Cybern.",
  volume   =  35,
  number   =  2,
  pages    = "63--72",
  month    =  nov,
  year     =  1979
}

@ARTICLE{Von_der_Malsburg1973-bz,
  title    = "Self-organization of orientation sensitive cells in the striate
              cortex",
  author   = "von der Malsburg, C",
  journal  = "Kybernetik",
  volume   =  14,
  number   =  2,
  pages    = "85--100",
  month    =  dec,
  year     =  1973,
  language = "en"
}


@ARTICLE{Goodhill2007-va,
  title    = "Contributions of theoretical modeling to the understanding of
              neural map development",
  author   = "Goodhill, Geoffrey J",
  journal  = "Neuron",
  volume   =  56,
  number   =  2,
  pages    = "301--311",
  month    =  oct,
  year     =  2007,
  language = "en"
}

@ARTICLE{Tanaka2004-vz,
  title    = "Roles of visual experience and intrinsic mechanism in the
              activity-dependent self-organization of orientation maps: theory
              and experiment",
  author   = "Tanaka, Shigeru and Miyashita, Masanobu and Ribot, J{\'e}r{\^o}me",
  journal  = "Neural Netw.",
  volume   =  17,
  number   = "8-9",
  pages    = "1363--1375",
  month    =  oct,
  year     =  2004,
  language = "en"
}


@ARTICLE{Kohonen1982-mn,
  title    = "Self-organized formation of topologically correct feature maps",
  author   = "Kohonen, Teuvo",
  journal  = "Biol. Cybern.",
  volume   =  43,
  number   =  1,
  pages    = "59--69",
  month    =  jan,
  year     =  1982
}

@ARTICLE{Kohonen2013-yt,
  title    = "Essentials of the self-organizing map",
  author   = "Kohonen, Teuvo",
  journal  = "Neural Netw.",
  volume   =  37,
  pages    = "52--65",
  month    =  jan,
  year     =  2013,
  keywords = "Self-organizing map; SOM; Data analysis; Brain map; Similarity;
              Vector quantization"
}

@ARTICLE{Swindale1992-za,
  title    = "Elastic nets, travelling salesmen and cortical maps",
  author   = "Swindale, N V",
  journal  = "Curr. Biol.",
  volume   =  2,
  number   =  8,
  pages    = "429--431",
  month    =  aug,
  year     =  1992,
  language = "en"
}

@ARTICLE{Swindale2000-nw,
  title    = "Visual cortex maps are optimized for uniform coverage",
  author   = "Swindale, N V and Shoham, D and Grinvald, A and Bonhoeffer, T and
              H{\"u}bener, M",
  journal  = "Nat. Neurosci.",
  volume   =  3,
  number   =  8,
  pages    = "822--826",
  month    =  aug,
  year     =  2000,
  language = "en"
}

@UNPUBLISHED{Lee2020-ep,
  title    = "Topographic deep artificial neural networks reproduce the
              hallmarks of the primate inferior temporal cortex face processing
              network",
  author   = "Lee, Hyodong and Margalit, Eshed and Jozwik, Kamila M and Cohen,
              Michael A and Kanwisher, Nancy and Yamins, Daniel L K and
              DiCarlo, James J",
  journal  = "bioRxiv",
  pages    = "2020.07.09.185116",
  month    =  jul,
  year     =  2020,
  language = "en"
}

@ARTICLE{Ringach2007-oe,
  title    = "On the origin of the functional architecture of the cortex",
  author   = "Ringach, Dario L",
  journal  = "PLoS One",
  volume   =  2,
  number   =  2,
  pages    = "e251",
  month    =  feb,
  year     =  2007,
  language = "en"
}

@ARTICLE{Obermayer1990-gq,
  title     = "A principle for the formation of the spatial structure of
               cortical feature maps",
  author    = "Obermayer, K and Ritter, H and Schulten, K",
  journal   = "Proc. Natl. Acad. Sci. U. S. A.",
  publisher = "National Academy of Sciences",
  volume    =  87,
  number    =  21,
  pages     = "8345--8349",
  month     =  nov,
  year      =  1990,
  language  = "en"
}

@ARTICLE{Swindale1991-gk,
  title    = "Coverage and the design of striate cortex",
  author   = "Swindale, N V",
  journal  = "Biol. Cybern.",
  volume   =  65,
  number   =  6,
  pages    = "415--424",
  year     =  1991,
  language = "en"
}

% The entry below contains non-ASCII chars that could not be converted
% to a LaTeX equivalent.
@ARTICLE{2002-nm,
  title   = "{神経情報科学サマースクールNISS2001講義録 視覚野神経回路の自己組織化}",
  author  = "田中, 繁",
  journal = "日本神経回路学会誌",
  volume  =  9,
  number  =  1,
  pages   = "41--48",
  year    =  2002
}

@ARTICLE{Yu2005-kk,
  title    = "The coordinated mapping of visual space and response features in
              visual cortex",
  author   = "Yu, Hongbo and Farley, Brandon J and Jin, Dezhe Z and Sur,
              Mriganka",
  journal  = "Neuron",
  volume   =  47,
  number   =  2,
  pages    = "267--280",
  month    =  jul,
  year     =  2005,
  language = "en"
}

@ARTICLE{Carreira-Perpinan2004-ga,
  title     = "Influence of lateral connections on the structure of cortical
               maps",
  author    = "Carreira-Perpi{\~n}{\'a}n, Miguel A and Goodhill, Geoffrey J",
  journal   = "J. Neurophysiol.",
  publisher = "American Physiological Society",
  volume    =  92,
  number    =  5,
  pages     = "2947--2959",
  month     =  nov,
  year      =  2004,
  language  = "en"
}

@ARTICLE{Das2005-mq,
  title     = "Cortical Maps: Where Theory Meets Experiments",
  author    = "Das, Aniruddha",
  journal   = "Neuron",
  publisher = "Elsevier",
  volume    =  47,
  number    =  2,
  pages     = "168--171",
  month     =  jul,
  year      =  2005,
  language  = "en"
}

@ARTICLE{Willshaw1976-zo,
  title     = "How patterned neural connections can be set up by
               self-organization",
  author    = "Willshaw, D J and Von Der Malsburg, C and Longuet-Higgins, Hugh
               Christopher",
  journal   = "Proceedings of the Royal Society of London. Series B. Biological
               Sciences",
  publisher = "Royal Society",
  volume    =  194,
  number    =  1117,
  pages     = "431--445",
  month     =  nov,
  year      =  1976
}

@ARTICLE{Durbin1987-bp,
  title     = "An analogue approach to the travelling salesman problem using an
               elastic net method",
  author    = "Durbin, R and Willshaw, D",
  journal   = "Nature",
  publisher = "Springer Nature",
  volume    =  326,
  number    =  6114,
  pages     = "689--691",
  year      =  1987,
  language  = "en"
}

@UNPUBLISHED{Shen2020-do,
  title    = "A correspondence between normalization strategies in artificial
              and biological neural networks",
  author   = "Shen, Yang and Wang, Julia and Navlakha, Saket",
  journal  = "bioRxiv",
  pages    = "2020.07.17.197640",
  month    =  jul,
  year     =  2020,
  language = "en"
}

@ARTICLE{N_V_Swindale1998-ri,
  title     = "Application of Kohonen's self-organizing feature map algorithm
               to cortical maps of orientation and direction preference",
  author    = "N. V. Swindale, H-U Bauer",
  journal   = "Proceedings of the Royal Society B: Biological Sciences",
  publisher = "The Royal Society",
  volume    =  265,
  number    =  1398,
  pages     = "827",
  month     =  may,
  year      =  1998,
  language  = "en"
}

@ARTICLE{Daw1998-kq,
  title     = "Columns, slabs and pinwheels",
  author    = "Daw, Nigel W",
  abstract  = "Over 40 years ago, Mountcastle showed that the outer layer of
               the brain, the cerebral cortex, contains columns of cells with
               similar properties. This led to the development of the pinwheel
               model, which describes how these columns are organized. The
               latest refinement to this model comes from a mathematical study,
               which shows that the pinwheel model is subject to stringent
               symmetry principles.",
  journal   = "Nature",
  publisher = "Nature Publishing Group",
  volume    =  395,
  number    =  6697,
  pages     = "20--21",
  month     =  sep,
  year      =  1998,
  language  = "en"
}

@ARTICLE{Durbin1990-xx,
  title     = "A dimension reduction framework for understanding cortical maps",
  author    = "Durbin, Richard and Mitchison, Graeme",
  journal   = "Nature",
  publisher = "Nature Publishing Group",
  volume    =  343,
  number    =  6259,
  pages     = "644--647",
  month     =  feb,
  year      =  1990,
  language  = "en"
}

@ARTICLE{Carreira-Perpinan2005-gy,
  title    = "A computational model for the development of multiple maps in
              primary visual cortex",
  author   = "Carreira-Perpi{\~n}{\'a}n, Miguel A and Lister, Richard J and
              Goodhill, Geoffrey J",
  journal  = "Cereb. Cortex",
  volume   =  15,
  number   =  8,
  pages    = "1222--1233",
  month    =  aug,
  year     =  2005,
  language = "en"
}

@ARTICLE{Kanari2020-nx,
  title     = "From Trees to Barcodes and Back Again: Theoretical and
               Statistical Perspectives",
  author    = "Kanari, Lida and Garin, Ad{\'e}lie and Hess, Kathryn",
  journal   = "Algorithms",
  publisher = "Multidisciplinary Digital Publishing Institute",
  volume    =  13,
  number    =  12,
  pages     = "335",
  month     =  dec,
  year      =  2020,
  language  = "en"
}

@ARTICLE{Cloherty2016-ca,
  title     = "Sensory experience modifies feature map relationships in visual
               cortex",
  author    = "Cloherty, Shaun L and Hughes, Nicholas J and Hietanen, Markus A
               and Bhagavatula, Partha S and Goodhill, Geoffrey J and Ibbotson,
               Michael R",
  journal   = "Elife",
  publisher = "elifesciences.org",
  volume    =  5,
  month     =  jun,
  year      =  2016,
  keywords  = "brain development; cat; neuroscience; ocular dominance map;
               orientation pinwheel; orientation preference map; plasticity",
  language  = "en"
}

@ARTICLE{Tallinen2016-ba,
  title     = "On the growth and form of cortical convolutions",
  author    = "Tallinen, Tuomas and Chung, Jun Young and Rousseau, Fran{\c
               c}ois and Girard, Nadine and Lef{\`e}vre, Julien and Mahadevan,
               L",
  journal   = "Nature Physics",
  publisher = "Nature Publishing Group",
  volume    =  12,
  number    =  6,
  pages     = "588--593",
  month     =  feb,
  year      =  2016,
  language  = "en"
}

@ARTICLE{Kaschube2010-ok,
  title     = "Universality in the evolution of orientation columns in the
               visual cortex",
  author    = "Kaschube, Matthias and Schnabel, Michael and L{\"o}wel, Siegrid
               and Coppola, David M and White, Leonard E and Wolf, Fred",
  journal   = "Science",
  publisher = "science.sciencemag.org",
  volume    =  330,
  number    =  6007,
  pages     = "1113--1116",
  month     =  nov,
  year      =  2010,
  language  = "en"
}

@ARTICLE{Goodhill2018-ho,
  title    = "Theoretical Models of Neural Development",
  author   = "Goodhill, Geoffrey J",
  journal  = "iScience",
  volume   =  8,
  pages    = "183--199",
  month    =  oct,
  year     =  2018,
  keywords = "Biological Sciences; Developmental Neuroscience; In Silico
              Biology; Neuroscience; Theoretical Neuroscience",
  language = "en"
}

@ARTICLE{Parekh2013-ew,
  title    = "Neuronal morphology goes digital: a research hub for cellular and
              system neuroscience",
  author   = "Parekh, Ruchi and Ascoli, Giorgio A",
  journal  = "Neuron",
  volume   =  77,
  number   =  6,
  pages    = "1017--1038",
  month    =  mar,
  year     =  2013,
  language = "en"
}

@ARTICLE{Van_Ooyen2011-fz,
  title    = "Using theoretical models to analyse neural development",
  author   = "van Ooyen, Arjen",
  journal  = "Nat. Rev. Neurosci.",
  volume   =  12,
  number   =  6,
  pages    = "311--326",
  month    =  jun,
  year     =  2011,
  language = "en"
}


@ARTICLE{Berkes2005-ig,
  title    = "Slow feature analysis yields a rich repertoire of complex cell
              properties",
  author   = "Berkes, Pietro and Wiskott, Laurenz",
  journal  = "J. Vis.",
  volume   =  5,
  number   =  6,
  pages    = "579--602",
  month    =  jul,
  year     =  2005,
  language = "en"
}

@ARTICLE{Sprekeler2007-qm,
  title     = "Slowness: an objective for spike-timing-dependent plasticity?",
  author    = "Sprekeler, Henning and Michaelis, Christian and Wiskott, Laurenz",
  journal   = "PLoS Comput. Biol.",
  publisher = "Public Library of Science",
  volume    =  3,
  number    =  6,
  pages     = "e112",
  month     =  jun,
  year      =  2007,
  language  = "en"
}

@ARTICLE{Franzius2007-sf,
  title    = "Slowness and sparseness lead to place, head-direction, and
              spatial-view cells",
  author   = "Franzius, Mathias and Sprekeler, Henning and Wiskott, Laurenz",
  journal  = "PLoS Comput. Biol.",
  volume   =  3,
  number   =  8,
  pages    = "e166",
  month    =  aug,
  year     =  2007,
  language = "en"
}

@ARTICLE{Wiskott2002-vb,
  title    = "Slow feature analysis: unsupervised learning of invariances",
  author   = "Wiskott, Laurenz and Sejnowski, Terrence J",
  journal  = "Neural Comput.",
  volume   =  14,
  number   =  4,
  pages    = "715--770",
  month    =  apr,
  year     =  2002,
  language = "en"
}

@ARTICLE{Wiskott2011-uz,
  title     = "Slow feature analysis",
  author    = "Wiskott, Laurenz and Berkes, Pietro and Franzius, Mathias and
               Sprekeler, Henning and Wilbert, Niko",
  journal   = "Scholarpedia J.",
  publisher = "Scholarpedia",
  volume    =  6,
  number    =  4,
  pages     = "5282",
  year      =  2011
}

@ARTICLE{Lipshutz2020-uj,
  title    = "A biologically plausible neural network for Slow Feature Analysis",
  author   = "Lipshutz, David and Windolf, Charlie and Golkar, Siavash and
              Chklovskii, D",
  journal  = "Adv. Neural Inf. Process. Syst.",
  volume   = "abs/2010.12644",
  month    =  oct,
  year     =  2020
}


% The entry below contains non-ASCII chars that could not be converted
% to a LaTeX equivalent.
@BOOK{2015-yz,
  title     = "東京大学工学教程 情報工学 機械学習",
  author    = "{中川裕志}",
  publisher = "丸善出版",
  month     =  nov,
  year      =  2015,
  language  = "ja"
}
