---
---

@article{liao2016bridging,
  title={Bridging the gaps between residual learning, recurrent neural networks and visual cortex},
  author={Liao, Qianli and Poggio, Tomaso},
  journal={arXiv preprint arXiv:1604.03640},
  year={2016}
}
