---
---

@ARTICLE{Van_Pelt2002-vm,
  title    = "Branching rates and growth functions in the outgrowth of
              dendritic branching patterns",
  author   = "van Pelt, Jaap and Uylings, Harry B M",
  journal  = "Network",
  volume   =  13,
  number   =  3,
  pages    = "261--281",
  month    =  aug,
  year     =  2002,
  language = "en"
}



@ARTICLE{Koene2009-hv,
  title    = "{NETMORPH}: a framework for the stochastic generation of large
              scale neuronal networks with realistic neuron morphologies",
  author   = "Koene, Randal A and Tijms, Betty and van Hees, Peter and Postma,
              Frank and de Ridder, Alexander and Ramakers, Ger J A and van
              Pelt, Jaap and van Ooyen, Arjen",
  journal  = "Neuroinformatics",
  volume   =  7,
  number   =  3,
  pages    = "195--210",
  month    =  sep,
  year     =  2009,
  language = "en"
}

@ARTICLE{Cuntz2010-in,
  title    = "One rule to grow them all: a general theory of neuronal branching
              and its practical application",
  author   = "Cuntz, Hermann and Forstner, Friedrich and Borst, Alexander and
              H{\"a}usser, Michael",
  journal  = "PLoS Comput. Biol.",
  volume   =  6,
  number   =  8,
  month    =  aug,
  year     =  2010,
  language = "en"
}

@ARTICLE{Van_Ooyen2014-fb,
  title    = "Independently outgrowing neurons and geometry-based synapse
              formation produce networks with realistic synaptic connectivity",
  author   = "van Ooyen, Arjen and Carnell, Andrew and de Ridder, Sander and
              Tarigan, Bernadetta and Mansvelder, Huibert D and Bijma, Fetsje
              and de Gunst, Mathisca and van Pelt, Jaap",
  journal  = "PLoS One",
  volume   =  9,
  number   =  1,
  pages    = "e85858",
  month    =  jan,
  year     =  2014,
  language = "en"
}

@ARTICLE{Acimovic2011-gb,
  title    = "Modeling of Neuronal Growth In Vitro: Comparison of Simulation
              Tools {NETMORPH} and {CX3D}",
  author   = "A{\'c}imovi{\'c}, J and M{\"a}ki-Marttunen, T and Havela, R and
              Teppola, H and Linne, M-L",
  journal  = "EURASIP J. Bioinform. Syst. Biol.",
  volume   =  2011,
  pages    = "616382",
  month    =  mar,
  year     =  2011,
  language = "en"
}
