---
---

@ARTICLE{Rao1999-zv,
  title     = "Predictive coding in the visual cortex: a functional
               interpretation of some extra-classical receptive-field effects",
  author    = "Rao, R P and Ballard, D H",
  journal   = "Nat. Neurosci.",
  publisher = "Nature Publishing Group",
  volume    =  2,
  number    =  1,
  pages     = "79--87",
  month     =  jan,
  year      =  1999,
  language  = "en"
}

@ARTICLE{Jiang2021-gj,
  title         = "Predictive Coding Theories of Cortical Function",
  author        = "Jiang, Linxing Preston and Rao, Rajesh P N",
  month         =  dec,
  year          =  2021,
  archivePrefix = "arXiv",
  primaryClass  = "q-bio.NC",
  eprint        = "2112.10048"
}


@ARTICLE{Rozell2008-wp,
  title    = "Sparse coding via thresholding and local competition in neural
              circuits",
  author   = "Rozell, Christopher J and Johnson, Don H and Baraniuk, Richard G
              and Olshausen, Bruno A",
  journal  = "Neural Comput.",
  volume   =  20,
  number   =  10,
  pages    = "2526--2563",
  month    =  oct,
  year     =  2008,
  language = "en"
}


@ARTICLE{Olshausen1997-qu,
  title    = "Sparse coding with an overcomplete basis set: a strategy employed
              by V1?",
  author   = "Olshausen, B A and Field, D J",
  journal  = "Vision Res.",
  volume   =  37,
  number   =  23,
  pages    = "3311--3325",
  month    =  dec,
  year     =  1997,
  language = "en"
}


@ARTICLE{Olshausen1996-xe,
  title     = "Emergence of simple-cell receptive field properties by learning
               a sparse code for natural images",
  author    = "Olshausen, B A and Field, D J",
  journal   = "Nature",
  publisher = "Nature Publishing Group",
  volume    =  381,
  number    =  6583,
  pages     = "607--609",
  month     =  jun,
  year      =  1996,
  language  = "en"
}


@ARTICLE{Festa2021-md,
  title     = "Neuronal variability reflects probabilistic inference tuned to
               natural image statistics",
  author    = "Festa, Dylan and Aschner, Amir and Davila, Aida and Kohn, Adam
               and Coen-Cagli, Ruben",
  journal   = "Nat. Commun.",
  publisher = "Nature Publishing Group",
  volume    =  12,
  number    =  1,
  pages     = "3635",
  month     =  jun,
  year      =  2021,
  language  = "en"
}

@ARTICLE{Echeveste2020-sh,
  title    = "Cortical-like dynamics in recurrent circuits optimized for
              sampling-based probabilistic inference",
  author   = "Echeveste, Rodrigo and Aitchison, Laurence and Hennequin,
              Guillaume and Lengyel, M{\'a}t{\'e}",
  journal  = "Nat. Neurosci.",
  volume   =  23,
  number   =  9,
  pages    = "1138--1149",
  month    =  sep,
  year     =  2020,
  language = "en"
}

@ARTICLE{Orban2016-tm,
  title    = "Neural Variability and {Sampling-Based} Probabilistic
              Representations in the Visual Cortex",
  author   = "Orb{\'a}n, Gerg{\H o} and Berkes, Pietro and Fiser, J{\'o}zsef
              and Lengyel, M{\'a}t{\'e}",
  journal  = "Neuron",
  volume   =  92,
  number   =  2,
  pages    = "530--543",
  month    =  oct,
  year     =  2016,
  keywords = "Bayesian computations; V1; natural images; noise correlations;
              normative model; spontaneous activity; stochastic sampling;
              theory; variability; vision",
  language = "en"
}

@ARTICLE{Echeveste2017-wu,
  title     = "Asymptotic scaling properties of the posterior mean and variance
               in the Gaussian scale mixture model",
  author    = "Echeveste, R and Hennequin, G and Lengyel, M",
  journal   = "arXiv preprint arXiv:1706.00925",
  publisher = "arxiv.org",
  year      =  2017
}


@ARTICLE{Koblinger2021-vz,
  title     = "Representations of uncertainty: where art thou?",
  author    = "Koblinger, {\'A}d{\'a}m and Fiser, J{\'o}zsef and Lengyel,
               M{\'a}t{\'e}",
  journal   = "Curr Opin Behav Sci",
  publisher = "Elsevier",
  volume    =  38,
  pages     = "150--162",
  month     =  apr,
  year      =  2021,
  language  = "en"
}

@ARTICLE{Knill2004-ht,
  title    = "The Bayesian brain: the role of uncertainty in neural coding and
              computation",
  author   = "Knill, David C and Pouget, Alexandre",
  journal  = "Trends Neurosci.",
  volume   =  27,
  number   =  12,
  pages    = "712--719",
  month    =  dec,
  year     =  2004,
  language = "en"
}

@ARTICLE{Sanborn2016-en,
  title    = "Bayesian Brains without Probabilities",
  author   = "Sanborn, Adam N and Chater, Nick",
  journal  = "Trends Cogn. Sci.",
  volume   =  20,
  number   =  12,
  pages    = "883--893",
  month    =  dec,
  year     =  2016,
  keywords = "Bayesian models of cognition; reasoning biases; sampling",
  language = "en"
}


@ARTICLE{Papyan2018-yr,
  title    = "Theoretical Foundations of Deep Learning via Sparse
              Representations: A Multilayer Sparse Model and Its Connection to
              Convolutional Neural Networks",
  author   = "Papyan, Vardan and Romano, Yaniv and Sulam, Jeremias and Elad,
              Michael",
  journal  = "IEEE Signal Process. Mag.",
  volume   =  35,
  number   =  4,
  pages    = "72--89",
  month    =  jul,
  year     =  2018,
  keywords = "Data models;Machine learning;Mathematical model;Task
              analysis;Image coding;Convolution;Sparse matrices;Data
              science;Big Data"
}

@ARTICLE{Berkes2011-it,
  title    = "Spontaneous cortical activity reveals hallmarks of an optimal
              internal model of the environment",
  author   = "Berkes, Pietro and Orb{\'a}n, Gergo and Lengyel, M{\'a}t{\'e} and
              Fiser, J{\'o}zsef",
  journal  = "Science",
  volume   =  331,
  number   =  6013,
  pages    = "83--87",
  month    =  jan,
  year     =  2011,
  language = "en"
}

@ARTICLE{Fiser2010-kw,
  title    = "Statistically optimal perception and learning: from behavior to
              neural representations",
  author   = "Fiser, J{\'o}zsef and Berkes, Pietro and Orb{\'a}n, Gerg{\H o}
              and Lengyel, M{\'a}t{\'e}",
  journal  = "Trends Cogn. Sci.",
  volume   =  14,
  number   =  3,
  pages    = "119--130",
  month    =  mar,
  year     =  2010
}


@ARTICLE{Wainwright1999-cl,
  title    = "Scale mixtures of Gaussians and the statistics of natural images",
  author   = "Wainwright, Martin J and Simoncelli, Eero",
  journal  = "Advances in Neural Information Processing Systems",
  volume   =  12,
  year     =  1999
}


@ARTICLE{Shimazaki2019-yx,
  title         = "The principles of adaptation in organisms and machines I:
                   machine learning, information theory, and thermodynamics",
  author        = "Shimazaki, Hideaki",
  month         =  feb,
  year          =  2019,
  archivePrefix = "arXiv",
  primaryClass  = "q-bio.NC",
  eprint        = "1902.11233"
}

@ARTICLE{Shimazaki2020-kx,
  title         = "The principles of adaptation in organisms and machines {II}:
                   Thermodynamics of the Bayesian brain",
  author        = "Shimazaki, Hideaki",
  month         =  jun,
  year          =  2020,
  archivePrefix = "arXiv",
  primaryClass  = "q-bio.NC",
  eprint        = "2006.13158"
}


@ARTICLE{Buesing2011-dm,
  title    = "Neural dynamics as sampling: a model for stochastic computation
              in recurrent networks of spiking neurons",
  author   = "Buesing, Lars and Bill, Johannes and Nessler, Bernhard and Maass,
              Wolfgang",
  journal  = "PLoS Comput. Biol.",
  volume   =  7,
  number   =  11,
  pages    = "e1002211",
  month    =  nov,
  year     =  2011,
  language = "en"
}


@ARTICLE{Berkes2011-xj,
  title     = "The Army of One (Sample): the Characteristics of Sampling-based
               Probabilistic Neural Representations",
  author    = "Berkes, Pietro and Turner, Richard and Fiser, Jozsef",
  journal   = "Nature Precedings",
  publisher = "Nature Publishing Group",
  pages     = "1--1",
  month     =  mar,
  year      =  2011,
  language  = "en"
}


@INPROCEEDINGS{Hoyer2002-ci,
  title     = "Interpreting neural response variability as Monte Carlo sampling
               of the posterior",
  booktitle = "Proceedings of the 15th International Conference on Neural
               Information Processing Systems",
  author    = "Hoyer, Patrik O and Hyv{\"a}rinen, Aapo",
  publisher = "MIT Press",
  pages     = "293--300",
  series    = "NIPS'02",
  month     =  jan,
  year      =  2002,
  address   = "Cambridge, MA, USA"
}


@ARTICLE{Kappel2015-kq,
  title    = "Network Plasticity as Bayesian Inference",
  author   = "Kappel, David and Habenschuss, Stefan and Legenstein, Robert and
              Maass, Wolfgang",
  journal  = "PLoS Comput. Biol.",
  volume   =  11,
  number   =  11,
  pages    = "e1004485",
  month    =  nov,
  year     =  2015,
  language = "en"
}

@ARTICLE{Aitchison2021-wo,
  title     = "Synaptic plasticity as Bayesian inference",
  author    = "Aitchison, Laurence and Jegminat, Jannes and Menendez, Jorge
               Aurelio and Pfister, Jean-Pascal and Pouget, Alexandre and
               Latham, Peter E",
  journal   = "Nat. Neurosci.",
  publisher = "Nature Publishing Group",
  volume    =  24,
  number    =  4,
  pages     = "565--571",
  month     =  apr,
  year      =  2021,
  language  = "en"
}


@UNPUBLISHED{Masset2022-wh,
  title    = "Population geometry enables fast sampling in spiking neural
              networks",
  author   = "Masset, Paul and Zavatone-Veth, Jacob A and Patrick Connor, J and
              Murthy, Venkatesh N and Pehlevan, Cengiz",
  journal  = "bioRxiv",
  pages    = "2022.06.03.494680",
  month    =  jun,
  year     =  2022,
  language = "en"
}


@UNPUBLISHED{Zhang2022-bl,
  title    = "Sampling-based Bayesian inference in recurrent circuits of
              stochastic spiking neurons",
  author   = "Zhang, Wen-Hao and Wu, Si and Josi{\'c}, Kre{\v s}imir and
              Doiron, Brent",
  journal  = "bioRxiv",
  pages    = "2022.01.26.477877",
  month    =  jan,
  year     =  2022,
  language = "en"
}
