---
---


@BOOK{Hebb1949-iv,
  title     = "The organization of behavior: A neuropsychological theory",
  author    = "Hebb, Donald Olding",
  publisher = "Wiley \& Sons",
  year      =  1949
}

@ARTICLE{Shatz1992-he,
  title    = "The developing brain",
  author   = "Shatz, C J",
  journal  = "Sci. Am.",
  volume   =  267,
  number   =  3,
  pages    = "60--67",
  month    =  sep,
  year     =  1992,
  language = "en"
}


@ARTICLE{Isomura2022-ro,
  title     = "Canonical neural networks perform active inference",
  author    = "Isomura, Takuya and Shimazaki, Hideaki and Friston, Karl J",
  journal   = "Commun Biol",
  publisher = "Nature Publishing Group",
  volume    =  5,
  number    =  1,
  pages     = "55",
  month     =  jan,
  year      =  2022,
  language  = "en"
}


@ARTICLE{Dudek1992-nz,
  title    = "Homosynaptic long-term depression in area {CA1} of hippocampus
              and effects of {N-methyl-D-aspartate} receptor blockade",
  author   = "Dudek, S M and Bear, M F",
  journal  = "Proc. Natl. Acad. Sci. U. S. A.",
  volume   =  89,
  number   =  10,
  pages    = "4363--4367",
  month    =  may,
  year     =  1992,
  language = "en"
}

@ARTICLE{Bliss1973-vj,
  title    = "Long-lasting potentiation of synaptic transmission in the dentate
              area of the anaesthetized rabbit following stimulation of the
              perforant path",
  author   = "Bliss, T V and Lomo, T",
  journal  = "J. Physiol.",
  volume   =  232,
  number   =  2,
  pages    = "331--356",
  month    =  jul,
  year     =  1973,
  language = "en"
}


@ARTICLE{Oja1982-yd,
  title    = "A simplified neuron model as a principal component analyzer",
  author   = "Oja, E",
  journal  = "J. Math. Biol.",
  volume   =  15,
  number   =  3,
  pages    = "267--273",
  year     =  1982,
  language = "en"
}

@ARTICLE{Oja1997-hr,
  title     = "The nonlinear {PCA} learning rule in independent component
               analysis",
  author    = "Oja, Erkki",
  journal   = "Neurocomputing",
  publisher = "Elsevier",
  volume    =  17,
  number    =  1,
  pages     = "25--45",
  month     =  sep,
  year      =  1997,
  keywords  = "Principal component analysis; Independent component analysis;
               Unsupervised learning; Signal separation"
}


@ARTICLE{Bienenstock1982-km,
  title    = "Theory for the development of neuron selectivity: orientation
              specificity and binocular interaction in visual cortex",
  author   = "Bienenstock, E L and Cooper, L N and Munro, P W",
  journal  = "J. Neurosci.",
  volume   =  2,
  number   =  1,
  pages    = "32--48",
  month    =  jan,
  year     =  1982,
  language = "en"
}

@ARTICLE{Turrigiano2008-lm,
  title    = "The self-tuning neuron: synaptic scaling of excitatory synapses",
  author   = "Turrigiano, Gina G",
  journal  = "Cell",
  volume   =  135,
  number   =  3,
  pages    = "422--435",
  month    =  oct,
  year     =  2008,
  language = "en"
}


@ARTICLE{Zenke2017-el,
  title     = "The temporal paradox of Hebbian learning and homeostatic
               plasticity",
  author    = "Zenke, Friedemann and Gerstner, Wulfram and Ganguli, Surya",
  journal   = "Curr. Opin. Neurobiol.",
  publisher = "Elsevier",
  volume    =  43,
  pages     = "166--176",
  month     =  apr,
  year      =  2017,
  language  = "en"
}


@ARTICLE{Cooper2012-ec,
  title    = "The {BCM} theory of synapse modification at 30: interaction of
              theory with experiment",
  author   = "Cooper, Leon N and Bear, Mark F",
  journal  = "Nat. Rev. Neurosci.",
  volume   =  13,
  number   =  11,
  pages    = "798--810",
  month    =  nov,
  year     =  2012,
  language = "en"
}

@ARTICLE{Izhikevich2003-ef,
  title    = "Relating {STDP} to {BCM}",
  author   = "Izhikevich, Eugene M and Desai, Niraj S",
  journal  = "Neural Comput.",
  volume   =  15,
  number   =  7,
  pages    = "1511--1523",
  month    =  jul,
  year     =  2003,
  language = "en"
}


@ARTICLE{Cooper1979-wz,
  title    = "A theory for the acquisition and loss of neuron specificity in
              visual cortex",
  author   = "Cooper, Leon N and Liberman, Fishel and Oja, Erkki",
  journal  = "Biol. Cybern.",
  volume   =  33,
  number   =  1,
  pages    = "9--28",
  month    =  mar,
  year     =  1979
}


@ARTICLE{Yee2017-fb,
  title    = "A metaplasticity view of the interaction between homeostatic and
              Hebbian plasticity",
  author   = "Yee, Ada X and Hsu, Yu-Tien and Chen, Lu",
  journal  = "Philos. Trans. R. Soc. Lond. B Biol. Sci.",
  volume   =  372,
  number   =  1715,
  month    =  mar,
  year     =  2017,
  keywords = "Hebbian plasticity; homeostatic plasticity; metaplasticity;
              retinoic acid",
  language = "en"
}


@ARTICLE{Brito2016-mx,
  title    = "Nonlinear Hebbian Learning as a Unifying Principle in Receptive
              Field Formation",
  author   = "Brito, Carlos S N and Gerstner, Wulfram",
  journal  = "PLoS Comput. Biol.",
  volume   =  12,
  number   =  9,
  pages    = "e1005070",
  month    =  sep,
  year     =  2016,
  language = "en"
}

@ARTICLE{Miller1994-vc,
  title     = "The role of constraints in Hebbian learning",
  author    = "Miller, Kenneth D and MacKay, David J C",
  journal   = "Neural Comput.",
  publisher = "MIT Press - Journals",
  volume    =  6,
  number    =  1,
  pages     = "100--126",
  month     =  jan,
  year      =  1994,
  language  = "en"
}

@ARTICLE{Dordek2016-ff,
  title     = "Extracting grid cell characteristics from place cell inputs
               using non-negative principal component analysis",
  author    = "Dordek, Yedidyah and Soudry, Daniel and Meir, Ron and Derdikman,
               Dori",
  journal   = "Elife",
  publisher = "eLife Sciences Publications, Ltd",
  volume    =  5,
  pages     = "e10094",
  month     =  mar,
  year      =  2016,
  keywords  = "bat; grid cell; place cell; hippocampus; entorhinal; navigation;
               human; mouse; neuroscience; rat",
  language  = "en"
}


@ARTICLE{Isomura2020-sn,
  title    = "{Reverse-Engineering} Neural Networks to Characterize Their Cost
              Functions",
  author   = "Isomura, Takuya and Friston, Karl",
  journal  = "Neural Comput.",
  volume   =  32,
  number   =  11,
  pages    = "2085--2121",
  month    =  nov,
  year     =  2020,
  language = "en"
}


@ARTICLE{Zipser1988-nc,
  title     = "A back-propagation programmed network that simulates response
               properties of a subset of posterior parietal neurons",
  author    = "Zipser, D and Andersen, R A",
  journal   = "Nature",
  publisher = "Nature Publishing Group",
  volume    =  331,
  number    =  6158,
  pages     = "679--684",
  month     =  feb,
  year      =  1988,
  language  = "en"
}


@ARTICLE{Andersen1983-zp,
  title    = "The influence of the angle of gaze upon the excitability of the
              light-sensitive neurons of the posterior parietal cortex",
  author   = "Andersen, R A and Mountcastle, V B",
  journal  = "J. Neurosci.",
  volume   =  3,
  number   =  3,
  pages    = "532--548",
  month    =  mar,
  year     =  1983,
  language = "en"
}

@INPROCEEDINGS{Glorot2010-iu,
  title     = "Understanding the difficulty of training deep feedforward neural
               networks",
  booktitle = "Proceedings of the Thirteenth International Conference on
               Artificial Intelligence and Statistics",
  author    = "Glorot, Xavier and Bengio, Yoshua",
  editor    = "Teh, Yee Whye and Titterington, Mike",
  publisher = "PMLR",
  volume    =  9,
  pages     = "249--256",
  series    = "Proceedings of Machine Learning Research",
  year      =  2010,
  address   = "Chia Laguna Resort, Sardinia, Italy"
}


% The entry below contains non-ASCII chars that could not be converted
% to a LaTeX equivalent.
@ARTICLE{Kingma2014-fm,
  title     = "Adam: A method for stochastic optimization",
  author    = "Kingma, D P and Ba, J",
  journal   = "arXiv preprint arXiv:1412.6980",
  publisher = "arxiv.org",
  year      =  2014
}

@ARTICLE{He2015-fs,
  title         = "Delving deep into rectifiers: Surpassing human-level
                   performance on {ImageNet} classification",
  author        = "He, Kaiming and Zhang, Xiangyu and Ren, Shaoqing and Sun,
                   Jian",
  journal       = "arXiv [cs.CV]",
  month         =  feb,
  year          =  2015,
  archivePrefix = "arXiv",
  primaryClass  = "cs.CV"
}


