---
---
@ARTICLE{Hodgkin1952-gy,
  title    = "A quantitative description of membrane current and its
              application to conduction and excitation in nerve",
  author   = "Hodgkin, A L and Huxley, A F",
  journal  = "J. Physiol.",
  volume   =  117,
  number   =  4,
  pages    = "500--544",
  month    =  aug,
  year     =  1952,
  keywords = "AXONS",
  language = "en"
}
