---
---


@ARTICLE{Blohm2020-vc,
  title    = "A {How-to-Model} Guide for Neuroscience",
  author   = "Blohm, Gunnar and Kording, Konrad P and Schrater, Paul R",
  journal  = "eNeuro",
  volume   =  7,
  number   =  1,
  month    =  feb,
  year     =  2020,
  language = "en"
}

@article{levenstein2023role,
  title={On the role of theory and modeling in neuroscience},
  author={Levenstein, Daniel and Alvarez, Veronica A and Amarasingham, Asohan and Azab, Habiba and Chen, Zhe S and Gerkin, Richard C and Hasenstaub, Andrea and Iyer, Ramakrishnan and Jolivet, Renaud B and Marzen, Sarah and others},
  journal={Journal of Neuroscience},
  volume={43},
  number={7},
  pages={1074--1088},
  year={2023},
  publisher={Society for Neuroscience}
}

@article{van2024critical,
  title={A critical perspective on neural mechanisms in cognitive neuroscience: towards unification},
  author={van Bree, Sander},
  journal={Perspectives on Psychological Science},
  volume={19},
  number={6},
  pages={993--1010},
  year={2024},
  publisher={SAGE Publications Sage CA: Los Angeles, CA}
}

@BOOK{Marr1982-wk,
  title     = "Vision: A Computational Investigation into the Human
               Representation and Processing of Visual Information",
  author    = "Marr, David",
  publisher = "W. H. Freeman \& Company",
  year      =  1982,
  language  = "en"
}

@article{pylyshyn1984computation,
  title={Computation and cognition},
  author={Pylyshyn, Zenon Walter},
  year={1984},
  publisher={MIT press Cambridge, MA}
}

@book{anderson1990adaptive,
  title={The Adaptive Character of Thought},
  author={Anderson, J.R.},
  isbn={9780805804195},
  lccn={90035099},
  series={A Psychology Press book},
  url={https://books.google.co.jp/books?id=Vp_wcfyIKH0C},
  year={1990},
  publisher={L. Erlbaum Associates}
}

@book{dayan2005theoretical,
  title={Theoretical neuroscience: computational and mathematical modeling of neural systems},
  author={Dayan, Peter and Abbott, Laurence F},
  year={2005},
  publisher={MIT press}
}

@ARTICLE{Hassabis2017-zm,
  title    = "{Neuroscience-Inspired} Artificial Intelligence",
  author   = "Hassabis, Demis and Kumaran, Dharshan and Summerfield,
              Christopher and Botvinick, Matthew",
  journal  = "Neuron",
  volume   =  95,
  number   =  2,
  pages    = "245--258",
  month    =  jul,
  year     =  2017,
  keywords = "artificial intelligence; brain; cognition; learning; neural
              network",
  language = "en"
}
