---
---

% generative models
@book{helmholtz1867,
  author       = {Hermann von Helmholtz},
  title        = {Handbuch der physiologischen Optik},
  publisher    = {Leopold Voss},
  address      = {Leipzig},
  year         = {1867},
  series       = {Allgemeine Encyklopädie der Physik, Band IX},
}

@article{mumford1992computational,
  title={On the computational architecture of the neocortex: II The role of cortico-cortical loops},
  author={Mumford, David},
  journal={Biological cybernetics},
  volume={66},
  number={3},
  pages={241--251},
  year={1992},
  publisher={Springer}
}

@article{kawato1993forward,
  title={A forward-inverse optics model of reciprocal connections between visual cortical areas},
  author={Kawato, Mitsuo and Hayakawa, Hideki and Inui, Toshio},
  journal={Network: computation in neural systems},
  volume={4},
  number={4},
  pages={415},
  year={1993},
  publisher={IOP Publishing}
}

@article{friston2003learning,
  title={Learning and inference in the brain},
  author={Friston, Karl},
  journal={Neural Networks},
  volume={16},
  number={9},
  pages={1325--1352},
  year={2003},
  publisher={Elsevier}
}

% EBM
@article{lecun2006tutorial,
  title={A tutorial on energy-based learning},
  author={LeCun, Yann and Chopra, Sumit and Hadsell, Raia and Ranzato, M and Huang, Fujie and others},
  journal={Predicting structured data},
  volume={1},
  number={0},
  year={2006}
}

% https://www.cell.com/trends/cognitive-sciences/fulltext/S1364-6613(24)00319-X
@article{jamadar2025metabolic,
  title={The metabolic costs of cognition},
  author={Jamadar, Sharna D and Behler, Anna and Deery, Hamish and Breakspear, Michael},
  journal={Trends in Cognitive Sciences},
  year={2025},
  publisher={Elsevier}
}

@ARTICLE{Amari1971-la,
  title    = "Characteristics of randomly connected threshold-element networks
              and network systems",
  author   = "Amari, S-I",
  journal  = "Proc. IEEE",
  volume   =  59,
  number   =  1,
  pages    = "35--47",
  month    =  jan,
  year     =  1971,
  keywords = "Large-scale systems;Nervous system;Joining processes;Boolean
              functions;Data mining;Microscopy;Neurons;Information
              processing;Stochastic processes"
}

@ARTICLE{Nakano1972-tv,
  title    = "{Associatron-A} Model of Associative Memory",
  author   = "Nakano, Kaoru",
  journal  = "IEEE Trans. Syst. Man Cybern.",
  volume   = "SMC-2",
  number   =  3,
  pages    = "380--388",
  month    =  jul,
  year     =  1972,
  keywords = "Associative memory;Cells (biology);Humans;Machine
              intelligence;Biological neural networks;Cellular neural
              networks;Neural networks;Cellular networks;Mechanical
              factors;Information processing"
}

@ARTICLE{Amari1988-ve,
  title    = "Statistical neurodynamics of associative memory",
  author   = "Amari, Shun-Ichi and Maginu, Kenjiro",
  journal  = "Neural Netw.",
  volume   =  1,
  number   =  1,
  pages    = "63--73",
  month    =  jan,
  year     =  1988,
  keywords = "Associative memory; Memory capacity; Recalling process; Basin of
              attractor; Statistical neurodynamics; Macroscopic state;
              Equilibrium"
}

@BOOK{Kohonen2012-sf,
  title     = "{Self-Organization} and Associative Memory",
  author    = "Kohonen, Teuvo",
  publisher = "Springer Science \& Business Media",
  month     =  dec,
  year      =  2012,
  language  = "en"
}

@ARTICLE{Amari1972-fq,
  title    = "Learning Patterns and Pattern Sequences by {Self-Organizing} Nets
              of Threshold Elements",
  author   = "Amari, S-I",
  journal  = "IEEE Trans. Comput.",
  volume   = "C-21",
  number   =  11,
  pages    = "1197--1206",
  month    =  nov,
  year     =  1972,
  keywords = "Associative memory, brain model, concept formation, logic nets of
              threshold elements, self-organization, sequential recalling,
              stability of state transition."
}

@ARTICLE{Amari1977-cc,
  title    = "Neural theory of association and concept-formation",
  author   = "Amari, S I",
  journal  = "Biol. Cybern.",
  volume   =  26,
  number   =  3,
  pages    = "175--185",
  month    =  may,
  year     =  1977,
  language = "en"
}


@MISC{Sejnowski1986-qx,
  title   = "Higher-order Boltzmann machines",
  author  = "Sejnowski, Terrence J",
  journal = "AIP Conference Proceedings",
  year    =  1986
}

@INPROCEEDINGS{Hinton1983-tf,
  title       = "Optimal perceptual inference",
  booktitle   = "Proceedings of the {IEEE} conference on Computer Vision and
                 Pattern Recognition",
  author      = "Hinton, Geoffrey E and Sejnowski, Terrence J",
  volume      =  448,
  institution = "Citeseer",
  year        =  1983
}

@ARTICLE{Hinton2007-yd,
  title   = "Boltzmann machine",
  author  = "Hinton, Geoffrey E",
  journal = "Scholarpedia J.",
  volume  =  2,
  number  =  5,
  pages   = "1668",
  year    =  2007
}

@ARTICLE{Ackley1985-ga,
  title    = "A learning algorithm for boltzmann machines",
  author   = "Ackley, David H and Hinton, Geoffrey E and Sejnowski, Terrence J",
  journal  = "Cogn. Sci.",
  volume   =  9,
  number   =  1,
  pages    = "147--169",
  month    =  jan,
  year     =  1985
}

@INPROCEEDINGS{Sulehria2007-lm,
  title       = "Hopfield neural networks: a survey",
  booktitle   = "Proceedings of the 6th Conference on 6th {WSEAS} Int. Conf. on
                 Artificial Intelligence, Knowledge Engineering and Data Bases",
  author      = "Sulehria, Humayun Karim and Zhang, Ye",
  volume      =  6,
  pages       = "125--130",
  institution = "Citeseer",
  year        =  2007
}

@ARTICLE{Radhakrishnan2020-ld,
  title     = "Overparameterized neural networks implement associative memory",
  author    = "Radhakrishnan, Adityanarayanan and Belkin, Mikhail and Uhler,
               Caroline",
  journal   = "Proc. Natl. Acad. Sci. U. S. A.",
  publisher = "National Academy of Sciences",
  volume    =  117,
  number    =  44,
  pages     = "27162--27170",
  month     =  nov,
  year      =  2020,
  language  = "en"
}

% The entry below contains non-ASCII chars that could not be converted
% to a LaTeX equivalent.
@UNPUBLISHED{Krotov2020-by,
  title    = "Large Associative Memory Problem in Neurobiology and Machine
              Learning",
  author   = "Krotov, Dmitry and Hopfield, John J",
  journal  = "https://openreview.net › forumhttps://openreview.net › forum",
  month    =  sep,
  year     =  2020
}

@ARTICLE{Ramsauer2020-av,
  title         = "Hopfield Networks is All You Need",
  author        = "Ramsauer, Hubert and Sch{\"a}fl, Bernhard and Lehner,
                   Johannes and Seidl, Philipp and Widrich, Michael and Adler,
                   Thomas and Gruber, Lukas and Holzleitner, Markus and
                   Pavlovi{\'c}, Milena and Sandve, Geir Kjetil and Greiff,
                   Victor and Kreil, David and Kopp, Michael and Klambauer,
                   G{\"u}nter and Brandstetter, Johannes and Hochreiter, Sepp",
  month         =  jul,
  year          =  2020,
  archivePrefix = "arXiv",
  primaryClass  = "cs.NE",
  eprint        = "2008.02217"
}

@ARTICLE{Krotov2018-rf,
  title    = "Dense Associative Memory Is Robust to Adversarial Inputs",
  author   = "Krotov, Dmitry and Hopfield, John",
  journal  = "Neural Comput.",
  volume   =  30,
  number   =  12,
  pages    = "3151--3167",
  month    =  dec,
  year     =  2018,
  language = "en"
}

@ARTICLE{Krotov2016-gc,
  title         = "Dense Associative Memory for Pattern Recognition",
  author        = "Krotov, Dmitry and Hopfield, John J",
  month         =  jun,
  year          =  2016,
  archivePrefix = "arXiv",
  primaryClass  = "cs.NE",
  eprint        = "1606.01164"
}

@ARTICLE{Hopfield1982-vu,
  title    = "Neural networks and physical systems with emergent collective
              computational abilities",
  author   = "Hopfield, J J",
  journal  = "Proc. Natl. Acad. Sci. U. S. A.",
  volume   =  79,
  number   =  8,
  pages    = "2554--2558",
  month    =  apr,
  year     =  1982,
  language = "en"
}

@ARTICLE{LeCun2006-dt,
  title     = "A tutorial on energy-based learning",
  author    = "LeCun, Y and Chopra, S and Hadsell, R and Ranzato, M and Huang,
               F",
  journal   = "Predicting structured",
  publisher = "yann.lecun.com",
  year      =  2006
}

@ARTICLE{Rao1999-zv,
  title     = "Predictive coding in the visual cortex: a functional
               interpretation of some extra-classical receptive-field effects",
  author    = "Rao, R P and Ballard, D H",
  journal   = "Nat. Neurosci.",
  publisher = "Nature Publishing Group",
  volume    =  2,
  number    =  1,
  pages     = "79--87",
  month     =  jan,
  year      =  1999,
  language  = "en"
}

@ARTICLE{Jiang2021-gj,
  title         = "Predictive Coding Theories of Cortical Function",
  author        = "Jiang, Linxing Preston and Rao, Rajesh P N",
  month         =  dec,
  year          =  2021,
  journal       = "arXiv",
  archivePrefix = "arXiv",
  primaryClass  = "q-bio.NC",
  eprint        = "2112.10048"
}


@ARTICLE{Rozell2008-wp,
  title    = "Sparse coding via thresholding and local competition in neural
              circuits",
  author   = "Rozell, Christopher J and Johnson, Don H and Baraniuk, Richard G
              and Olshausen, Bruno A",
  journal  = "Neural Comput.",
  volume   =  20,
  number   =  10,
  pages    = "2526--2563",
  month    =  oct,
  year     =  2008,
  language = "en"
}


@ARTICLE{Olshausen1997-qu,
  title    = "Sparse coding with an overcomplete basis set: a strategy employed
              by V1?",
  author   = "Olshausen, B A and Field, D J",
  journal  = "Vision Res.",
  volume   =  37,
  number   =  23,
  pages    = "3311--3325",
  month    =  dec,
  year     =  1997,
  language = "en"
}


@ARTICLE{Olshausen1996-xe,
  title     = "Emergence of simple-cell receptive field properties by learning
               a sparse code for natural images",
  author    = "Olshausen, B A and Field, D J",
  journal   = "Nature",
  publisher = "Nature Publishing Group",
  volume    =  381,
  number    =  6583,
  pages     = "607--609",
  month     =  jun,
  year      =  1996,
  language  = "en"
}


@ARTICLE{Festa2021-md,
  title     = "Neuronal variability reflects probabilistic inference tuned to
               natural image statistics",
  author    = "Festa, Dylan and Aschner, Amir and Davila, Aida and Kohn, Adam
               and Coen-Cagli, Ruben",
  journal   = "Nat. Commun.",
  publisher = "Nature Publishing Group",
  volume    =  12,
  number    =  1,
  pages     = "3635",
  month     =  jun,
  year      =  2021,
  language  = "en"
}

@ARTICLE{Echeveste2020-sh,
  title    = "Cortical-like dynamics in recurrent circuits optimized for
              sampling-based probabilistic inference",
  author   = "Echeveste, Rodrigo and Aitchison, Laurence and Hennequin,
              Guillaume and Lengyel, M{\'a}t{\'e}",
  journal  = "Nat. Neurosci.",
  volume   =  23,
  number   =  9,
  pages    = "1138--1149",
  month    =  sep,
  year     =  2020,
  language = "en"
}

@ARTICLE{Orban2016-tm,
  title    = "Neural Variability and {Sampling-Based} Probabilistic
              Representations in the Visual Cortex",
  author   = "Orb{\'a}n, Gerg{\H o} and Berkes, Pietro and Fiser, J{\'o}zsef
              and Lengyel, M{\'a}t{\'e}",
  journal  = "Neuron",
  volume   =  92,
  number   =  2,
  pages    = "530--543",
  month    =  oct,
  year     =  2016,
  keywords = "Bayesian computations; V1; natural images; noise correlations;
              normative model; spontaneous activity; stochastic sampling;
              theory; variability; vision",
  language = "en"
}

@ARTICLE{Echeveste2017-wu,
  title     = "Asymptotic scaling properties of the posterior mean and variance
               in the Gaussian scale mixture model",
  author    = "Echeveste, R and Hennequin, G and Lengyel, M",
  journal   = "arXiv preprint arXiv:1706.00925",
  publisher = "arxiv.org",
  year      =  2017
}


@ARTICLE{Koblinger2021-vz,
  title     = "Representations of uncertainty: where art thou?",
  author    = "Koblinger, {\'A}d{\'a}m and Fiser, J{\'o}zsef and Lengyel,
               M{\'a}t{\'e}",
  journal   = "Curr Opin Behav Sci",
  publisher = "Elsevier",
  volume    =  38,
  pages     = "150--162",
  month     =  apr,
  year      =  2021,
  language  = "en"
}

@ARTICLE{Knill2004-ht,
  title    = "The Bayesian brain: the role of uncertainty in neural coding and
              computation",
  author   = "Knill, David C and Pouget, Alexandre",
  journal  = "Trends Neurosci.",
  volume   =  27,
  number   =  12,
  pages    = "712--719",
  month    =  dec,
  year     =  2004,
  language = "en"
}

@ARTICLE{Sanborn2016-en,
  title    = "Bayesian Brains without Probabilities",
  author   = "Sanborn, Adam N and Chater, Nick",
  journal  = "Trends Cogn. Sci.",
  volume   =  20,
  number   =  12,
  pages    = "883--893",
  month    =  dec,
  year     =  2016,
  keywords = "Bayesian models of cognition; reasoning biases; sampling",
  language = "en"
}


@ARTICLE{Papyan2018-yr,
  title    = "Theoretical Foundations of Deep Learning via Sparse
              Representations: A Multilayer Sparse Model and Its Connection to
              Convolutional Neural Networks",
  author   = "Papyan, Vardan and Romano, Yaniv and Sulam, Jeremias and Elad,
              Michael",
  journal  = "IEEE Signal Process. Mag.",
  volume   =  35,
  number   =  4,
  pages    = "72--89",
  month    =  jul,
  year     =  2018,
  keywords = "Data models;Machine learning;Mathematical model;Task
              analysis;Image coding;Convolution;Sparse matrices;Data
              science;Big Data"
}

@ARTICLE{Berkes2011-it,
  title    = "Spontaneous cortical activity reveals hallmarks of an optimal
              internal model of the environment",
  author   = "Berkes, Pietro and Orb{\'a}n, Gergo and Lengyel, M{\'a}t{\'e} and
              Fiser, J{\'o}zsef",
  journal  = "Science",
  volume   =  331,
  number   =  6013,
  pages    = "83--87",
  month    =  jan,
  year     =  2011,
  language = "en"
}

@ARTICLE{Fiser2010-kw,
  title    = "Statistically optimal perception and learning: from behavior to
              neural representations",
  author   = "Fiser, J{\'o}zsef and Berkes, Pietro and Orb{\'a}n, Gerg{\H o}
              and Lengyel, M{\'a}t{\'e}",
  journal  = "Trends Cogn. Sci.",
  volume   =  14,
  number   =  3,
  pages    = "119--130",
  month    =  mar,
  year     =  2010
}


@ARTICLE{Wainwright1999-cl,
  title    = "Scale mixtures of Gaussians and the statistics of natural images",
  author   = "Wainwright, Martin J and Simoncelli, Eero",
  journal  = "Advances in Neural Information Processing Systems",
  volume   =  12,
  year     =  1999
}


@ARTICLE{Shimazaki2019-yx,
  title         = "The principles of adaptation in organisms and machines I:
                   machine learning, information theory, and thermodynamics",
  author        = "Shimazaki, Hideaki",
  month         =  feb,
  year          =  2019,
  archivePrefix = "arXiv",
  primaryClass  = "q-bio.NC",
  eprint        = "1902.11233"
}

@ARTICLE{Shimazaki2020-kx,
  title         = "The principles of adaptation in organisms and machines {II}:
                   Thermodynamics of the Bayesian brain",
  author        = "Shimazaki, Hideaki",
  month         =  jun,
  year          =  2020,
  archivePrefix = "arXiv",
  primaryClass  = "q-bio.NC",
  eprint        = "2006.13158"
}


@ARTICLE{Buesing2011-dm,
  title    = "Neural dynamics as sampling: a model for stochastic computation
              in recurrent networks of spiking neurons",
  author   = "Buesing, Lars and Bill, Johannes and Nessler, Bernhard and Maass,
              Wolfgang",
  journal  = "PLoS Comput. Biol.",
  volume   =  7,
  number   =  11,
  pages    = "e1002211",
  month    =  nov,
  year     =  2011,
  language = "en"
}


@ARTICLE{Berkes2011-xj,
  title     = "The Army of One (Sample): the Characteristics of Sampling-based
               Probabilistic Neural Representations",
  author    = "Berkes, Pietro and Turner, Richard and Fiser, Jozsef",
  journal   = "Nature Precedings",
  publisher = "Nature Publishing Group",
  pages     = "1--1",
  month     =  mar,
  year      =  2011,
  language  = "en"
}


@INPROCEEDINGS{Hoyer2002-ci,
  title     = "Interpreting neural response variability as Monte Carlo sampling
               of the posterior",
  booktitle = "Proceedings of the 15th International Conference on Neural
               Information Processing Systems",
  author    = "Hoyer, Patrik O and Hyv{\"a}rinen, Aapo",
  publisher = "MIT Press",
  pages     = "293--300",
  series    = "NIPS'02",
  month     =  jan,
  year      =  2002,
  address   = "Cambridge, MA, USA"
}


@ARTICLE{Kappel2015-kq,
  title    = "Network Plasticity as Bayesian Inference",
  author   = "Kappel, David and Habenschuss, Stefan and Legenstein, Robert and
              Maass, Wolfgang",
  journal  = "PLoS Comput. Biol.",
  volume   =  11,
  number   =  11,
  pages    = "e1004485",
  month    =  nov,
  year     =  2015,
  language = "en"
}

@ARTICLE{Aitchison2021-wo,
  title     = "Synaptic plasticity as Bayesian inference",
  author    = "Aitchison, Laurence and Jegminat, Jannes and Menendez, Jorge
               Aurelio and Pfister, Jean-Pascal and Pouget, Alexandre and
               Latham, Peter E",
  journal   = "Nat. Neurosci.",
  publisher = "Nature Publishing Group",
  volume    =  24,
  number    =  4,
  pages     = "565--571",
  month     =  apr,
  year      =  2021,
  language  = "en"
}


@ARTICLE{Masset2022-wh,
  title    = "Population geometry enables fast sampling in spiking neural
              networks",
  author   = "Masset, Paul and Zavatone-Veth, Jacob A and Patrick Connor, J and
              Murthy, Venkatesh N and Pehlevan, Cengiz",
  journal  = "bioRxiv",
  pages    = "2022.06.03.494680",
  month    =  jun,
  year     =  2022,
  language = "en"
}


@ARTICLE{Zhang2022-bl,
  title    = "Sampling-based Bayesian inference in recurrent circuits of
              stochastic spiking neurons",
  author   = "Zhang, Wen-Hao and Wu, Si and Josi{\'c}, Kre{\v s}imir and
              Doiron, Brent",
  journal  = "bioRxiv",
  pages    = "2022.01.26.477877",
  month    =  jan,
  year     =  2022,
  language = "en"
}


@ARTICLE{Aitchison2016-xu,
  title    = "The Hamiltonian Brain: Efficient Probabilistic Inference with
              {Excitatory-Inhibitory} Neural Circuit Dynamics",
  author   = "Aitchison, Laurence and Lengyel, M{\'a}t{\'e}",
  journal  = "PLoS Comput. Biol.",
  volume   =  12,
  number   =  12,
  pages    = "e1005186",
  month    =  dec,
  year     =  2016,
  language = "en"
}

