---
---


@ARTICLE{Amari1971-la,
  title    = "Characteristics of randomly connected threshold-element networks
              and network systems",
  author   = "Amari, S-I",
  journal  = "Proc. IEEE",
  volume   =  59,
  number   =  1,
  pages    = "35--47",
  month    =  jan,
  year     =  1971,
  keywords = "Large-scale systems;Nervous system;Joining processes;Boolean
              functions;Data mining;Microscopy;Neurons;Information
              processing;Stochastic processes"
}

@ARTICLE{Nakano1972-tv,
  title    = "{Associatron-A} Model of Associative Memory",
  author   = "Nakano, Kaoru",
  journal  = "IEEE Trans. Syst. Man Cybern.",
  volume   = "SMC-2",
  number   =  3,
  pages    = "380--388",
  month    =  jul,
  year     =  1972,
  keywords = "Associative memory;Cells (biology);Humans;Machine
              intelligence;Biological neural networks;Cellular neural
              networks;Neural networks;Cellular networks;Mechanical
              factors;Information processing"
}

@ARTICLE{Amari1988-ve,
  title    = "Statistical neurodynamics of associative memory",
  author   = "Amari, Shun-Ichi and Maginu, Kenjiro",
  journal  = "Neural Netw.",
  volume   =  1,
  number   =  1,
  pages    = "63--73",
  month    =  jan,
  year     =  1988,
  keywords = "Associative memory; Memory capacity; Recalling process; Basin of
              attractor; Statistical neurodynamics; Macroscopic state;
              Equilibrium"
}

@BOOK{Kohonen2012-sf,
  title     = "{Self-Organization} and Associative Memory",
  author    = "Kohonen, Teuvo",
  publisher = "Springer Science \& Business Media",
  month     =  dec,
  year      =  2012,
  language  = "en"
}

@ARTICLE{Amari1972-fq,
  title    = "Learning Patterns and Pattern Sequences by {Self-Organizing} Nets
              of Threshold Elements",
  author   = "Amari, S-I",
  journal  = "IEEE Trans. Comput.",
  volume   = "C-21",
  number   =  11,
  pages    = "1197--1206",
  month    =  nov,
  year     =  1972,
  keywords = "Associative memory, brain model, concept formation, logic nets of
              threshold elements, self-organization, sequential recalling,
              stability of state transition."
}

@ARTICLE{Amari1977-cc,
  title    = "Neural theory of association and concept-formation",
  author   = "Amari, S I",
  journal  = "Biol. Cybern.",
  volume   =  26,
  number   =  3,
  pages    = "175--185",
  month    =  may,
  year     =  1977,
  language = "en"
}


@MISC{Sejnowski1986-qx,
  title   = "Higher-order Boltzmann machines",
  author  = "Sejnowski, Terrence J",
  journal = "AIP Conference Proceedings",
  year    =  1986
}

@INPROCEEDINGS{Hinton1983-tf,
  title       = "Optimal perceptual inference",
  booktitle   = "Proceedings of the {IEEE} conference on Computer Vision and
                 Pattern Recognition",
  author      = "Hinton, Geoffrey E and Sejnowski, Terrence J",
  volume      =  448,
  institution = "Citeseer",
  year        =  1983
}

@ARTICLE{Hinton2007-yd,
  title   = "Boltzmann machine",
  author  = "Hinton, Geoffrey E",
  journal = "Scholarpedia J.",
  volume  =  2,
  number  =  5,
  pages   = "1668",
  year    =  2007
}

@ARTICLE{Ackley1985-ga,
  title    = "A learning algorithm for boltzmann machines",
  author   = "Ackley, David H and Hinton, Geoffrey E and Sejnowski, Terrence J",
  journal  = "Cogn. Sci.",
  volume   =  9,
  number   =  1,
  pages    = "147--169",
  month    =  jan,
  year     =  1985
}

@INPROCEEDINGS{Sulehria2007-lm,
  title       = "Hopfield neural networks: a survey",
  booktitle   = "Proceedings of the 6th Conference on 6th {WSEAS} Int. Conf. on
                 Artificial Intelligence, Knowledge Engineering and Data Bases",
  author      = "Sulehria, Humayun Karim and Zhang, Ye",
  volume      =  6,
  pages       = "125--130",
  institution = "Citeseer",
  year        =  2007
}

@ARTICLE{Radhakrishnan2020-ld,
  title     = "Overparameterized neural networks implement associative memory",
  author    = "Radhakrishnan, Adityanarayanan and Belkin, Mikhail and Uhler,
               Caroline",
  journal   = "Proc. Natl. Acad. Sci. U. S. A.",
  publisher = "National Academy of Sciences",
  volume    =  117,
  number    =  44,
  pages     = "27162--27170",
  month     =  nov,
  year      =  2020,
  language  = "en"
}

@INPROCEEDINGS{LeCun2006-vu,
  title     = "A tutorial on energy-based learning",
  booktitle = "{PREDICTING} {STRUCTURED} {DATA}",
  author    = "LeCun, Yann and Chopra, Sumit and Hadsell, Raia and Huang, Fu
               Jie and {others}",
  year      =  2006
}

% The entry below contains non-ASCII chars that could not be converted
% to a LaTeX equivalent.
@UNPUBLISHED{Krotov2020-by,
  title    = "Large Associative Memory Problem in Neurobiology and Machine
              Learning",
  author   = "Krotov, Dmitry and Hopfield, John J",
  journal  = "https://openreview.net › forumhttps://openreview.net › forum",
  month    =  sep,
  year     =  2020
}

@ARTICLE{Ramsauer2020-av,
  title         = "Hopfield Networks is All You Need",
  author        = "Ramsauer, Hubert and Sch{\"a}fl, Bernhard and Lehner,
                   Johannes and Seidl, Philipp and Widrich, Michael and Adler,
                   Thomas and Gruber, Lukas and Holzleitner, Markus and
                   Pavlovi{\'c}, Milena and Sandve, Geir Kjetil and Greiff,
                   Victor and Kreil, David and Kopp, Michael and Klambauer,
                   G{\"u}nter and Brandstetter, Johannes and Hochreiter, Sepp",
  month         =  jul,
  year          =  2020,
  archivePrefix = "arXiv",
  primaryClass  = "cs.NE",
  eprint        = "2008.02217"
}

@ARTICLE{Krotov2018-rf,
  title    = "Dense Associative Memory Is Robust to Adversarial Inputs",
  author   = "Krotov, Dmitry and Hopfield, John",
  journal  = "Neural Comput.",
  volume   =  30,
  number   =  12,
  pages    = "3151--3167",
  month    =  dec,
  year     =  2018,
  language = "en"
}

@ARTICLE{Krotov2016-gc,
  title         = "Dense Associative Memory for Pattern Recognition",
  author        = "Krotov, Dmitry and Hopfield, John J",
  month         =  jun,
  year          =  2016,
  archivePrefix = "arXiv",
  primaryClass  = "cs.NE",
  eprint        = "1606.01164"
}

@ARTICLE{Hopfield1982-vu,
  title    = "Neural networks and physical systems with emergent collective
              computational abilities",
  author   = "Hopfield, J J",
  journal  = "Proc. Natl. Acad. Sci. U. S. A.",
  volume   =  79,
  number   =  8,
  pages    = "2554--2558",
  month    =  apr,
  year     =  1982,
  language = "en"
}

@ARTICLE{LeCun2006-dt,
  title     = "A tutorial on energy-based learning",
  author    = "LeCun, Y and Chopra, S and Hadsell, R and Ranzato, M and Huang,
               F",
  journal   = "Predicting structured",
  publisher = "yann.lecun.com",
  year      =  2006
}
