---
---

@ARTICLE{Ferguson2020-up,
  title     = "Mechanisms underlying gain modulation in the cortex",
  author    = "Ferguson, Katie A and Cardin, Jessica A",
  journal   = "Nat. Rev. Neurosci.",
  publisher = "nature.com",
  volume    =  21,
  number    =  2,
  pages     = "80--92",
  month     =  feb,
  year      =  2020,
  language  = "en"
}


@ARTICLE{Doiron2001-on,
  title    = "Subtractive and divisive inhibition: effect of voltage-dependent
              inhibitory conductances and noise",
  author   = "Doiron, B and Longtin, A and Berman, N and Maler, L",
  journal  = "Neural Comput.",
  volume   =  13,
  number   =  1,
  pages    = "227--248",
  month    =  jan,
  year     =  2001,
  language = "en"
}

@ARTICLE{Wilson2012-jq,
  title     = "Division and subtraction by distinct cortical inhibitory
               networks in vivo",
  author    = "Wilson, Nathan R and Runyan, Caroline A and Wang, Forea L and
               Sur, Mriganka",
  journal   = "Nature",
  publisher = "Nature Publishing Group",
  volume    =  488,
  number    =  7411,
  pages     = "343--348",
  month     =  aug,
  year      =  2012,
  language  = "en"
}

@ARTICLE{Angus_Silver2010-fd,
  title     = "Neuronal arithmetic",
  author    = "Angus Silver, R",
  journal   = "Nat. Rev. Neurosci.",
  publisher = "Nature Publishing Group",
  volume    =  11,
  number    =  7,
  pages     = "474--489",
  month     =  jun,
  year      =  2010,
  language  = "en"
}

@ARTICLE{Goldwyn2018-ug,
  title    = "Gain control with A-type potassium current: {IA} as a switch
              between divisive and subtractive inhibition",
  author   = "Goldwyn, Joshua H and Slabe, Bradley R and Travers, Joseph B and
              Terman, David",
  journal  = "PLoS Comput. Biol.",
  volume   =  14,
  number   =  7,
  pages    = "e1006292",
  month    =  jul,
  year     =  2018,
  language = "en"
}
